
@article{moretti__2015,
	title = {« {L}’opérationnalisation » ou, du rôle de la mesure dans la théorie littéraire moderne},
	volume = {n° 819-820},
	issn = {0011-1600},
	url = {https://www.cairn.info/revue-critique-2015-8-page-712.htm},
	language = {fr},
	number = {8},
	urldate = {2021-01-20},
	journal = {Critique},
	author = {Moretti, Franco},
	month = sep,
	year = {2015},
	note = {Publisher: Éditions de Minuit},
	pages = {712--734},
}

@misc{glorieux_auteurs_nodate,
	type = {Billet},
	title = {Auteurs canoniques, graphes et conjonctions (and, et, und, y, e)},
	url = {https://resultats.hypotheses.org/388},
	abstract = {Les grands auteurs européens ont fini par faire concert en canon, se répondant les uns aux autres de siècle en siècle. L’établissement d’œuvres comme trésor d’une ou plusieurs langues poursuit des traditions antiques, comme Homère, la Bible, les Védas, ou les classiques chinois ; à la différence que les littératures de langues européennes sont encore […]},
	language = {fr-FR},
	urldate = {2021-02-01},
	journal = {J’attends des résultats},
	author = {Glorieux, Frédéric},
	file = {Snapshot:C\:\\Users\\jeanb\\Zotero\\storage\\57QC2EWV\\388.html:text/html},
}

@misc{franco_moretti_conjectures_nodate,
	title = {Conjectures on {World} {Literature}, {NLR} 1, {January}–{February} 2000},
	url = {https://newleftreview.org/issues/ii1/articles/franco-moretti-conjectures-on-world-literature},
	abstract = {Nearly two hundred years ago, Goethe announced the imminence of a world literature. Here Franco Moretti offers a set of hypotheses for tracking the birth and fate of the novel in the peripheries of Europe, in Latin America, Arab lands, Turkey, China, Japan, West Africa. For the first time, the prospect of a morphology of global letters?},
	language = {en},
	urldate = {2021-02-17},
	journal = {New Left Review},
	author = {{Franco Moretti}},
	file = {Snapshot:C\:\\Users\\jeanb\\Zotero\\storage\\VFFGY7ND\\franco-moretti-conjectures-on-world-literature.html:text/html},
}

@article{molinie_style_1996,
	title = {Style et littérarité},
	volume = {28},
	copyright = {free},
	url = {https://www.persee.fr/doc/licla_0992-5279_1996_num_28_1_2519},
	doi = {10.3406/licla.1996.2519},
	language = {fre},
	number = {1},
	urldate = {2021-02-22},
	journal = {Littératures classiques},
	author = {Molinié, Georges},
	year = {1996},
	note = {Publisher: Persée - Portail des revues scientifiques en SHS},
	pages = {69--74},
	file = {Snapshot:C\:\\Users\\jeanb\\Zotero\\storage\\AMZMLWM6\\licla_0992-5279_1996_num_28_1_2519.html:text/html},
}

@article{legallois_reperer_2016,
	title = {Repérer les clichés dans les romans sentimentaux grâce à la méthode des « motifs »},
	copyright = {© Lidil},
	issn = {1146-6480},
	url = {http://journals.openedition.org/lidil/3950},
	doi = {10.4000/lidil.3950},
	abstract = {Cet article porte sur la détection automatique de configurations lexico-grammaticales — appelées « motifs » — caractéristiques d’un genre textuel. On s’intéresse plus particulièrement aux motifs exprimant une des dimensions phraséologiques des romans sentimentaux, à savoir le cliché. Deux méthodes de calcul des motifs sont présentées : l’information mutuelle et le calcul des spécificités. L’article donne de nombreux exemples à partir de l’analyse d’un corpus composé de 150 romans contemporains : 50 romans policiers, 50 romans dits « sérieux » et 50 romans sentimentaux. Les résultats obtenus permettent de valider l’idée que les clichés sont exprimés non pas seulement par des séquences figées, mais aussi par des séquences schématiques.},
	language = {fr},
	number = {53},
	urldate = {2021-04-09},
	journal = {Lidil. Revue de linguistique et de didactique des langues},
	author = {Legallois, Dominique and Charnois, Thierry and Poibeau, Thierry},
	month = may,
	year = {2016},
	note = {ISBN: 9782843103261
Number: 53
Publisher: ELLUG},
	pages = {95--117},
	file = {Legallois et al_2016_Repérer les clichés dans les romans sentimentaux grâce à la méthode des «.pdf:C\:\\Users\\jeanb\\Zotero\\storage\\J5S5K4CF\\Legallois et al_2016_Repérer les clichés dans les romans sentimentaux grâce à la méthode des «.pdf:application/pdf},
}

@book{compagnon_demon_2007,
	address = {Paris},
	title = {Le démon de la théorie: littérature et sens commun},
	isbn = {978-2-02-049094-8},
	shorttitle = {Le démon de la théorie},
	language = {French},
	publisher = {Éditions du Seuil},
	author = {Compagnon, Antoine},
	year = {2007},
	note = {OCLC: 803876805},
}

@book{guillory_cultural_1993,
	address = {Chicago},
	title = {Cultural capital: the problem of literary canon formation},
	isbn = {978-0-226-31043-5},
	shorttitle = {Cultural capital},
	publisher = {University of Chicago Press},
	author = {Guillory, John},
	year = {1993},
	keywords = {Canon (Literature), Capitalism and literature, English literature, History and criticism Theory, etc, Literature and society, Study and teaching Case studies},
}

@article{gonzalez_measuring_2021,
	title = {Measuring {Canonicity}: {Graduate} {Read}­ing {Lists} in {Departments} of {Hispanic} {Studies}},
	issn = {2371-4549},
	shorttitle = {Measuring {Canonicity}},
	url = {https://culturalanalytics.org/article/21599-measuring-canonicity-graduate-read-ing-lists-in-departments-of-hispanic-studies},
	doi = {10.22148/001c.21599},
	language = {en},
	urldate = {2021-05-28},
	journal = {Journal of Cultural Analytics},
	author = {González, José Eduardo and Jacobson, Elliott and García, Laura García and Kujman, Leonardo Brandolini},
	month = mar,
	year = {2021},
	file = {González et al_2021_Measuring Canonicity.pdf:C\:\\Users\\jeanb\\Zotero\\storage\\XAUJU5P7\\González et al_2021_Measuring Canonicity.pdf:application/pdf},
}

@article{shannon_mathematical_1948,
	title = {A {Mathematical} {Theory} of {Communication}},
	volume = {27},
	issn = {00058580},
	url = {https://ieeexplore.ieee.org/document/6773024},
	doi = {10.1002/j.1538-7305.1948.tb01338.x},
	language = {en},
	number = {3},
	urldate = {2021-05-28},
	journal = {Bell System Technical Journal},
	author = {Shannon, C. E.},
	month = jul,
	year = {1948},
	pages = {379--423},
	file = {Shannon_1948_A Mathematical Theory of Communication.pdf:C\:\\Users\\jeanb\\Zotero\\storage\\AIPIBE7W\\Shannon_1948_A Mathematical Theory of Communication.pdf:application/pdf},
}

@book{biber_longman_2011,
	address = {Harlow},
	edition = {9. impression},
	title = {Longman student grammar of spoken and written {English}. {Hauptbd}. ...},
	isbn = {978-0-582-23727-8},
	language = {eng},
	publisher = {Longman},
	author = {Biber, Douglas and Conrad, Susan and Leech, Geoffrey N.},
	year = {2011},
	note = {OCLC: 838972202},
}

@book{lucken_canon_2019,
	title = {Le canon littéraire},
	isbn = {978-2-200-93258-9},
	language = {French},
	number = {196},
	publisher = {Armand Colin},
	author = {Lucken, Christopher},
	year = {2019},
	note = {OCLC: 1136466474},
}

@book{baudoin_sacre_2017,
	address = {Paris},
	series = {Actes de la recherche à l'{ENS}},
	title = {Sacré canon: autorité et marginalité en littérature},
	isbn = {978-2-7288-3693-2},
	shorttitle = {Sacré canon},
	number = {22},
	publisher = {Éditions Rue d'Ulm},
	editor = {Baudoin, Anne-Catherine and Lata, Marion},
	year = {2017},
	note = {OCLC: on1031847721},
	keywords = {Congresses, Canon (Literature), Actes de congrès, Canons littéraires, Conference papers and proceedings},
	annote = {Au commencement était l'auteur. De l'imitation à l'autocanonisation. Un canon épistolaire ? La singularité du discours Sur l'entraînement à la parole de Dion de Pruse / par Guillemette MÉROT -- Œuvre d'art et machine de guerre. Le canon des génies dans William Shakespeare de Victor Hugo / par Guillaume PEYNET -- Portrait de l'écrivain en Homère albanais dans Le Monstre d'Ismaïl Kadaré. Des usages du canon à des fins d'autoreprésentation / par Élodie COUTIER -- Quand le corpus devient canon. Inclure et exclure. Qui parle dans la règle écclésiastique ? Quelques réflexions à propos d'un "canon de saint Basile" / par Arnaud PERROT -- Corpus et canon. Le cas de Lucien de Samosate / par Émeline MARQUIS -- Lire dans les marges : problématiques de l'extra-canonique. L'Épître de Lucien. Genèse et destin d'un apocryphe à succès / par Damien LABADIE -- Du canon au fanon. Sacralités multiples du canon littéraire dans la fanfiction / par Marion LATA},
	annote = {Papers from a meeting held in 2016 at the École normale supérieure in Paris},
}

@book{biber_register_2019,
	edition = {2},
	title = {Register, {Genre}, and {Style}},
	isbn = {978-1-108-42652-7},
	url = {https://www.cambridge.org/core/product/identifier/9781108686136/type/book},
	urldate = {2021-06-02},
	publisher = {Cambridge University Press},
	author = {Biber, Douglas and Conrad, Susan},
	month = may,
	year = {2019},
	doi = {10.1017/9781108686136},
}

@article{mark_algee-hewitt_canonarchive_2016,
	title = {Canon/{Archive}. {Large}-scale {Dynamics} in the {Literary} {Field}},
	issn = {2164-1757},
	url = {https://litlab.stanford.edu/LiteraryLabPamphlet11.pdf},
	language = {English},
	number = {11},
	urldate = {2021-06-01},
	author = {{Mark Algee-Hewitt} and {Sarah Allison} and {Marissa Gemma} and {Ryan Heuser} and {Franco Moretti} and {Hannah Walser}},
	month = jan,
	year = {2016},
	pages = {14},
}

@article{gemma_operationalizing_2015,
	title = {Operationalizing the {Colloquial} {Style}: {Repetition} in 19th-{Century} {American} {Fiction}},
	issn = {2055-7671, 2055-768X},
	shorttitle = {Operationalizing the {Colloquial} {Style}},
	url = {https://academic.oup.com/dsh/article-lookup/doi/10.1093/llc/fqv066},
	doi = {10.1093/llc/fqv066},
	language = {en},
	urldate = {2021-06-02},
	journal = {Digital Scholarship in the Humanities},
	author = {Gemma, Marissa and Glorieux, Frédéric and Ganascia, Jean-Gabriel},
	month = dec,
	year = {2015},
	pages = {fqv066},
}

@article{riguet_correspondance_2020,
	title = {La correspondance de motifs, un outil pour l’analyse du discours ?},
	issn = {2736-2337},
	url = {http://journals.openedition.org/revuehn/312},
	doi = {10.4000/revuehn.312},
	number = {1},
	urldate = {2021-06-02},
	journal = {Humanités numériques},
	author = {Riguet, Marine and Boukhaled, Mohamed Amine},
	month = jan,
	year = {2020},
	file = {Riguet_Boukhaled_2020_La correspondance de motifs, un outil pour l’analyse du discours.pdf:C\:\\Users\\jeanb\\Zotero\\storage\\68KN6G95\\Riguet_Boukhaled_2020_La correspondance de motifs, un outil pour l’analyse du discours.pdf:application/pdf},
}

@book{colin_pratiques_2017,
	address = {Rennes},
	series = {Interférences},
	title = {Pratiques et poétiques du chapitre du {XIXe} au {XXIe} siècle},
	isbn = {978-2-7535-5265-4},
	language = {fre},
	publisher = {Presses universitaires de Rennes},
	editor = {Colin, Claire and Conrad, Thomas and Leblond, Aude and Baroni, Raphaël},
	year = {2017},
	note = {OCLC: 985886156},
	annote = {Collected essays Includes bibliographical references and index},
}

@misc{ted_underwood__nodate,
	title = {» {The} {Emergence} of {Literary} {Diction} {Journal} of {Digital} {Humanities}},
	url = {http://journalofdigitalhumanities.org/1-2/the-emergence-of-literary-diction-by-ted-underwood-and-jordan-sellers/},
	language = {en-US},
	urldate = {2021-06-02},
	author = {{Ted Underwood} and {Jordan Sellers}},
	file = {Snapshot:C\:\\Users\\jeanb\\Zotero\\storage\\W2DQRDQ2\\the-emergence-of-literary-diction-by-ted-underwood-and-jordan-sellers.html:text/html},
}

@article{boukhaled_computational_nodate,
	title = {On {Computational} {Stylistics}: mining {Literary} {Texts} for the {Extraction} of {Characterizing} {Stylistic} {Patterns}},
	abstract = {Finally, we present a computational stylistic tool partly which concretizes our research work called EReMoS. The goal of EReMoS is to provide linguists and literature researchers with a computer-assisted stylistic tool conceived as a web application capable of extracting and manipulating syntactic patterns through a simple, fast and ergonomic user interface.},
	language = {en},
	author = {Boukhaled, Mohamed Amine},
	pages = {163},
	file = {Boukhaled - On Computational Stylistics mining Literary Texts.pdf:C\:\\Users\\jeanb\\Zotero\\storage\\ITIGYTCH\\Boukhaled - On Computational Stylistics mining Literary Texts.pdf:application/pdf},
}

@book{moretti_graphs_2005,
	address = {London ; New York},
	title = {Graphs, maps, trees: abstract models for a literary history},
	isbn = {978-1-84467-026-0},
	shorttitle = {Graphs, maps, trees},
	publisher = {Verso},
	author = {Moretti, Franco},
	year = {2005},
	keywords = {Philosophy, Chronology, Criticism, Fiction, History and criticism, Literature, Miscellanea},
}

@article{erlin_cultural_2021,
	title = {Cultural {Capitals}: {Modeling} ‘{Minor}’ {European} {Literature}},
	issn = {2371-4549},
	shorttitle = {Cultural {Capitals}},
	url = {https://culturalanalytics.org/article/21182-cultural-capitals-modeling-minor-european-literature},
	doi = {10.22148/001c.21182},
	language = {en},
	urldate = {2021-06-11},
	journal = {Journal of Cultural Analytics},
	author = {Erlin, Matt and Piper, Andrew and Knox, Douglas and Pentecost, Stephen and Drouillard, Michaela and Powell, Brian and Townson, Cienna},
	month = feb,
	year = {2021},
	file = {Erlin et al_2021_Cultural Capitals.pdf:C\:\\Users\\jeanb\\Zotero\\storage\\U2GT49BF\\Erlin et al_2021_Cultural Capitals.pdf:application/pdf},
}

@misc{algee-hewitt_discourse_nodate,
	title = {Discourse, {Design}, {Disorder}},
	url = {http://markalgeehewitt.org/index.php/main-page/projects/discourse-design-disorder/},
	urldate = {2021-06-13},
	author = {Algee-Hewitt, Mark},
	file = {Discourse, Design, Disorder – Mark Algee-Hewitt:C\:\\Users\\jeanb\\Zotero\\storage\\X2UUP6RM\\discourse-design-disorder.html:text/html},
}

@book{labouret_litterature_2013,
	title = {Littérature française du {XXe} siècle (1900-2010)},
	isbn = {978-2-200-29018-4},
	url = {http://www.vlebooks.com/vleweb/product/openreader?id=none&isbn=9782200290184},
	language = {French},
	urldate = {2021-06-14},
	author = {Labouret, Denis},
	year = {2013},
	note = {OCLC: 1191043062},
}

@book{barthes_degre_1972,
	address = {Paris},
	series = {Points. {Littérature}},
	title = {Le {Degré} zéro de l'écriture},
	isbn = {978-2-02-000610-1},
	number = {35},
	publisher = {Éditions du Seuil},
	author = {Barthes, Roland},
	year = {1972},
	keywords = {History and criticism, French literature, Literary style},
}

@article{barthes_introduction_1966,
	title = {Introduction à l'analyse structurale des récits},
	volume = {8},
	issn = {0588-8018},
	url = {https://www.persee.fr/doc/comm_0588-8018_1966_num_8_1_1113},
	doi = {10.3406/comm.1966.1113},
	language = {fr},
	number = {1},
	urldate = {2021-06-14},
	journal = {Communications},
	author = {Barthes, Roland},
	year = {1966},
	pages = {1--27},
}

@book{adorno_prismes_2003,
	address = {Paris},
	title = {Prismes},
	isbn = {978-2-228-89780-8},
	language = {French},
	publisher = {Payot},
	author = {Adorno, Theodor Wiesengrund and Rochlitz, Geneviève and Rochlitz, Rainer},
	year = {2003},
	note = {OCLC: 1119500311},
}

@book{barthes_bruissement_2015,
	address = {Paris},
	title = {Le bruissement de la langue},
	isbn = {978-2-7578-5413-6},
	abstract = {Rassemble les écrits du penseur entre 1964 et 1980 sur la littérature, la langue et le signe. Electre 2017.},
	language = {French},
	publisher = {Éditions Points},
	author = {Barthes, Roland},
	year = {2015},
	note = {OCLC: 919622763},
}

@book{robbe-grillet_pour_2013,
	address = {Paris},
	series = {Collection "{Double}"},
	title = {Pour un nouveau roman},
	isbn = {978-2-7073-2285-2},
	language = {fre},
	number = {88},
	publisher = {Éd. de Minuit},
	author = {Robbe-Grillet, Alain},
	year = {2013},
	note = {OCLC: 840608421},
	annote = {Copyright: 1961},
}

@book{moretti_atlas_1998,
	address = {London New York},
	title = {Atlas of the {European} novel :  1800-1900},
	isbn = {978-1-85984-883-8},
	shorttitle = {Atlas of the {European} novel},
	language = {eng},
	publisher = {Verso},
	author = {Moretti, Franco},
	year = {1998},
	note = {Country: GB
ill., jaquette ill. en coul. 23 cm. Notes bibliogr. Index.},
	keywords = {Géographie, Roman européen},
}

@book{moretti_distant_2013,
	address = {London},
	title = {Distant reading},
	isbn = {978-1-78168-333-0},
	abstract = {How does a literary historian end up thinking in terms of z-scores, principal component analysis, and clustering coefficients' The essays in Distant Reading led to a new and often contested paradigm of literary analysis. In presenting them here Franco Moretti reconstructs his intellectual trajectory, the theoretical influences over his work, and explores the polemics that have often developed around his positions. From the evolutionary model of "Modern European Literature," through the geo-cultural insights of "Conjectures of World Literature" and "Planet Hollywood," to the quantitative findings of "Style, inc." and the abstract patterns of "Network Theory, Plot Analysis," the book follows two decades of conceptual development, organizing them around the metaphor of "distant reading," that has come to define'well beyond the wildest expectations of its author'a growing field of unorthodox literary studies},
	language = {eng},
	publisher = {Verso},
	author = {Moretti, Franco},
	year = {2013},
	note = {Country: GB
Contient des textes déjà publiés. Includes bibliographical references and index. Vendor-supplied metadata.},
	keywords = {Critique littéraire, Théorie littéraire},
}

@incollection{bulson_novel_2018,
	edition = {1},
	title = {The {Novel} as {Data}},
	isbn = {978-1-316-65969-4},
	url = {https://www.cambridge.org/core/product/identifier/9781316659694%23CN-bp-11/type/book_part},
	urldate = {2021-06-14},
	booktitle = {The {Cambridge} {Companion} to the {Novel}},
	publisher = {Cambridge University Press},
	author = {Algee-Hewitt, Mark and Fredner, Erik and Walser, Hannah},
	month = jun,
	year = {2018},
	doi = {10.1017/9781316659694.013},
	pages = {189--216},
}
